2652 3696
2171 247 2229 277 Vll

317 349 465 387 ratione
491 354 530 385 et
554 348 688 395 regula
712 347 751 382 in
775 345 918 383 Coraui
947 347 1181 384 editionibus
1207 349 1445 396 legebantur.
1499 347 1560 382 De
1586 347 1658 382 hac
1680 346 1823 383 laboris
1849 353 1956 395 parte
1981 348 2168 396 graviori,
2195 349 2229 385 11,

317 436 393 471 qua
417 422 578 458 multum
605 419 724 456 taedii
750 419 843 455 mihi
871 421 1134 457 devorandum
1159 421 1242 467 suit,
1270 427 1307 457 et
1333 421 1380 457 de
1406 418 1646 457 soloecismis
1677 425 1715 456 et
1735 419 2009 467 scriptionibus
2035 422 2232 459 obsoletis.

317 496 385 533 sed
412 496 460 531 ob
488 493 730 541 antiquitatis
756 494 942 530 honorem
970 494 1096 530 adhuc
1122 493 1346 543 propagatis
1372 506 1442 530 suo
1468 493 1577 538 loco,
1612 493 1715 540 quod
1744 506 1791 528 ex
1818 506 1856 529 1-0
1885 494 1973 540 erit,
2007 494 2165 531 dicetur.

428 567 576 604 Versus
599 565 825 604 Suratarum
855 566 1021 614 denique
1049 569 1095 603 ab
1118 567 1316 604 Arabibus
1341 565 1435 614 ipsis
1460 565 1647 602 miracula
1673 566 1870 613 appellati,
1896 566 1950 602 ita
1973 566 2110 615 digesti
2133 574 2232 614 sunt,

316 648 359 679 ut
383 642 462 678 fere
489 653 642 688 semper
667 639 979 677 distributionem
1007 642 1054 677 ab
1081 640 1393 676 Hinckelmanno
1426 641 1670 675 observatam
1709 651 1893 686 sequerer
1924 652 2060 676 caussa
2091 641 2232 689 duplici

317 715 519 752 adductus.
578 713 752 749 Primum
786 713 885 749 enim
914 726 935 749 a
960 714 1051 749 viris
1079 713 1203 750 doctis
1229 719 1378 750 tantum
1403 725 1482 748 11011
1508 711 1687 748 omnibus
1714 711 1832 748 editio
1858 712 2234 750 Hinckelmanniana

317 788 509 833 laudatur,
538 798 749 834 versusque
774 787 921 823 laudati
948 787 1023 824 alio
1051 787 1186 823 ordine
1212 786 1388 823 instituto
1410 784 1478 821 vix
1499 797 1544 822 ac
1565 797 1614 821 110
1637 784 1700 821 vix
1724 785 1879 832 quidem
1906 785 1945 821 in
1967 786 2038 822 hac
2065 786 2233 823 editione

317 860 476 909 reperiri
517 859 751 908 potuissent,
796 860 898 896 unde
933 873 1073 909 magna
1107 859 1381 908 quaerentibus
1415 857 1594 895 molestia
1628 859 1766 894 oborta
1792 866 1902 894 esset.
1964 858 2009 894 In
2040 860 2233 895 nonnul]ic

317 941 446 970 tamen
472 932 664 981 capitibus
695 945 718 969 a
749 932 1020 969 distributione
1051 932 1154 969 illius
1179 932 1252 968 viri
1281 933 1330 969 ob
1361 944 1545 968 numeros
1569 932 1633 967 vel
1659 930 1822 968 omissos
1847 932 1909 968 vel
1935 944 2136 979 perperam
2166 932 2217 968 im

316 1019 470 1056 pressos
492 1006 635 1042 vitiosa
656 1006 808 1043 recessi.
865 1005 1019 1043 Deinde
1041 1005 1314 1042 miraculorum
1336 1005 1503 1051 illorum,
1529 1010 1572 1041 ut
1594 1004 1786 1051 dicuntur,
1813 1004 2014 1052 dispositio
2038 1018 2232 1053 nunquam

317 1080 366 1116 ad
392 1085 535 1117 certam
562 1080 735 1128 regulam
762 1079 938 1116 revocari
963 1078 1124 1128 poterit,
1157 1091 1243 1116 cum
1269 1090 1341 1115 nec
1366 1077 1509 1127 singuli
1535 1076 1679 1116 Corani
1711 1077 1866 1114 codices
1897 1078 2000 1125 iique
2031 1077 2166 1126 optimi
2195 1078 2230 1114 ir,

316 1166 477 1190 numero
511 1165 643 1190 eorum
674 1153 885 1189 indicando
916 1152 990 1189 sibi
1024 1158 1222 1198 constent,
1254 1164 1326 1189 nec
1358 1151 1550 1188 indicatus
1583 1163 1766 1187 numerus
1800 1151 1919 1200 signis
1952 1151 2053 1188 inter
2084 1151 2231 1200 singula

317 1227 452 1275 positis
486 1226 629 1274 ubique
663 1227 899 1274 respondeat
932 1225 1060 1273 (cuius
1090 1225 1146 1262 rei
1175 1225 1258 1274 ipse
1291 1224 1467 1263 Coranus
1497 1224 1700 1273 Petropoli
1733 1224 1858 1261 editus
1890 1224 1997 1261 testis
2032 1230 2090 1261 est
2121 1226 2231 1260 vald‹·

316 1299 584 1348 conspicuus);
619 1300 786 1347 denique
811 1299 1042 1348 interpretes
1067 1311 1148 1335 rem
1175 1312 1253 1336 11011
1280 1298 1564 1347 expediendam
1597 1310 1760 1345 eamque
1791 1297 1831 1334 in
1860 1298 1990 1335 medio
2016 1297 2230 1346 relinquen-

317 1374 404 1409 dam
431 1385 515 1410 esse
541 1374 640 1410 bene
667 1373 895 1418 sentientes,
923 1373 1022 1408 hanc
1049 1372 1343 1421 dispositionem
1371 1373 1448 1408 alto
1475 1371 1628 1408 silentio
1654 1371 2008 1420 praetermiserunt.

428 1447 561 1494 Atque
587 1447 684 1483 haec
709 1451 815 1492 sunt,
850 1446 1041 1482 benevole
1066 1446 1226 1491 Lector,
1263 1445 1310 1482 de
1337 1445 1476 1493 quibus
1498 1445 1557 1481 Te
1582 1444 1645 1481 hic
1669 1444 1709 1480 in
1733 1444 1865 1481 limine
1892 1444 2019 1493 operis
2045 1443 2231 1481 monitum

317 1521 509 1556 volebam.
537 1519 688 1566 Quodsi
710 1520 809 1556 hanc
825 1518 969 1556 Corani
991 1519 1201 1555 editionem
1224 1519 1328 1554 haud
1351 1519 1462 1566 plane
1486 1518 1659 1554 inutilem
1682 1518 1889 1564 inveneris,
1913 1517 2232 1556 hocTauchnitio

317 1599 448 1630 nostro
474 1593 723 1630 tribuendum
750 1604 834 1629 esse
860 1604 1038 1638 censeas,
1079 1591 1144 1640 qui
1170 1604 1241 1628 nec
1267 1592 1456 1628 sumtibus
1483 1591 1657 1640 pepercit
1680 1603 1753 1628 nec
1787 1603 1941 1639 operae.
2000 1591 2126 1628 Multa
2158 1591 2233 1628 for-

315 1674 419 1704 tasse
444 1672 648 1703 occurrent
674 1665 765 1702 Tibi
790 1678 916 1713 neque
942 1666 1105 1714 probata
1137 1677 1263 1713 neque
1295 1677 1465 1713 unquam
1499 1665 1719 1713 probanda,
1758 1666 1832 1701 1100
1864 1671 1995 1701 tamen
2029 1677 2231 1701 commune

317 1739 487 1776 omnium
518 1739 703 1776 librorum
731 1739 866 1775 vitium
899 1740 1125 1786 nullumque
1158 1738 1352 1775 hominem
1381 1740 1428 1774 ab
1456 1737 1650 1775 erroribus
1680 1738 1889 1774 immunem
1924 1750 2007 1775 esse
2038 1738 2120 1786 ipse
2146 1738 2231 1775 3013.

317 1814 379 1849 Me
405 1825 593 1849 summam
621 1812 860 1861 diligentiam
886 1812 926 1848 in
952 1818 1060 1848 textu
1087 1818 1126 1848 et
1151 1811 1424 1849 constituendo
1452 1818 1489 1848 et
1515 1811 1759 1848 emendando
1785 1811 1978 1860 posuisse,
2006 1824 2230 1860 persuasum

317 1887 460 1932 liabeo,
498 1899 624 1934 neque
658 1887 774 1922 ullam
810 1885 924 1922 aliam
958 1869 1113 1922 laudem
1149 1898 1198 1922 ex
1230 1887 1304 1922 hoc
1339 1898 1455 1934 opere
1488 1885 1583 1922 mihi
1619 1897 1843 1933 comparare
1877 1884 2001 1931 volui,
2040 1898 2153 1933 quam
2191 1892 2233 1922 ut

316 1959 452 1996 studiis
490 1959 655 1996 arabicis
693 1960 960 1996 consuleretur
992 1965 1030 1996 et
1064 1957 1208 1997 Corani
1244 1958 1401 2008 legendi
1437 1957 1621 1995 studiosis
1654 1957 1719 1999 via
1755 1957 1969 2006 aperiretur
2002 1958 2230 2007 expeditior.

319 2033 414 2068 Vale
440 2033 612 2075 mihique
638 2033 734 2068 fave.
797 2034 950 2069 Dabam
974 2033 1150 2070 Misenae
1178 2031 1361 2070 Calendis
1386 2033 1575 2082 Augustis
1602 2030 1983 2069 MDCCCXXXIV.
