2566 3752
337 582 403 640 &Et
455 580 597 661 ῥέε,
641 588 885 665 ,Qui-23⁵⁸,
925 583 1123 660 ,tesza
1176 592 1270 655 sus,
1316 602 1395 649 Ψ»
1437 580 1523 662 ὃ.)
1572 577 1618 624 [a
1669 577 1727 639 gi
1772 578 1882 661 &⁴²
1936 579 1980 653 Γ]
2027 579 2229 650 ssimi,

335 707 453 790 ἂψ
489 707 577 780 ⁸⁸»
614 690 684 754 ¹3⁴⁰
719 692 784 748 δῖ’
820 702 904 747 *ΑΜ
934 700 993 769 ³⁵>
1031 719 1088 756 ὅθ
1115 695 1190 742 “⁴⁸
1225 696 1397 765 &720³
1431 693 1581 756 &20³³
1619 715 1698 762 ω
1730 706 1801 752 ψ
1835 692 1881 738 t„
1907 715 1968 775 θ’
2006 714 2051 750 ⁸÷
2079 708 2229 756 tyn>

337 819 496 898 lgiyfii
532 819 669 877 [ἐμὲ
703 827 738 879 ρ’,
774 813 958 894 &fadi
994 812 1193 875 &LK-*⁶⁹⁸⁸
1231 811 1311 861 »ΝΞ
1348 809 1426 860 U
1450 818 1593 857 &dum
1630 815 1836 861 „Directio
1868 828 1984 852 sanae
2015 815 2154 852 mentis
2185 815 2232 851 ad

336 915 588 965 praestantias
620 912 707 949 libri
740 911 897 955 nobilis,
948 907 1243 946 commentarius
1276 906 1315 942 in
1349 903 1543 942 Coranum
1578 905 1788 940 seeundum
1824 904 2063 953 disciplinam
2095 904 2233 940 Imami

336 990 416 1025 Aba
440 987 580 1035 Ham'fa
605 985 761 1025 Noma'n,
794 990 950 1019 auctore
977 979 1286 1018 Sheikh-elislam
1315 985 1352 1014 et
1375 977 1527 1026 generis
1559 976 1716 1012 humani
1739 977 1855 1013 Musti
1878 978 2000 1013 Molla
2022 976 2234 1013 Abu'sso'zid

336 1062 412 1097 Bon
442 1058 666 1095 Jsohammecl
689 1056 818 1093 limidi.
851 1060 1002 1090 mortuo
1029 1065 1128 1088 anno
1157 1052 1233 1088 982
1261 1050 1351 1097 (inc.
1379 1050 1441 1086 23.
1467 1050 1563 1096 Apr.
1591 1049 1725 1095 1574).
1751 1071 1804 1075 —
1831 1047 1927 1086 Cum
1954 1049 2015 1085 hic
2041 1061 2234 1085 commen-

337 1132 472 1168 tarium
505 1142 626 1178 usque
652 1130 700 1165 ad
726 1128 902 1165 Suratam
929 1126 1009 1163 Scicl
1039 1124 1170 1173 primis
1200 1123 1312 1159 lineis
1343 1121 1609 1169 descripsisset
1639 1127 1677 1157 et
1701 1121 1776 1156 iam
1800 1122 1961 1157 multum
1986 1122 2171 1170 temporis
2196 1120 2234 1156 in

340 1217 383 1240 eo
411 1203 693 1246 consumsisset,
721 1201 821 1236 illam
849 1205 994 1247 partem
1022 1209 1151 1233 mense
1178 1195 1333 1233 Shaban
1360 1194 1449 1230 anni
1476 1195 1552 1230 972
1580 1193 1671 1240 (inc.
1701 1194 1734 1230 9.
1756 1193 1859 1242 Aug.
1891 1194 2014 1241 1564)
2038 1193 2078 1229 in
2103 1194 2236 1229 charta

340 1289 433 1325 pura
463 1273 722 1322 consignavit,
756 1284 916 1318 eamque
948 1283 1030 1306 cum
1063 1281 1206 1317 genero
1232 1280 1301 1304 suo
1328 1266 1565 1303 [bn-elma’lzil
1589 1265 1750 1302 Sultano
1777 1265 1956 1302 Soleimcin
1980 1266 2089 1302 ΚΙιάη
2121 1265 2235 1301 misit.

340 1349 413 1384 Hie
439 1359 558 1394 usque
590 1347 637 1381 ad
669 1352 814 1393 portam
847 1343 899 1379 illi
927 1342 1077 1378 obviam
1106 1340 1173 1376 ivit
1199 1340 1357 1386 eiusque
1383 1339 1615 1386 stipendium
1644 1345 1681 1374 ct
1705 1346 1833 1374 vestes
1859 1338 2086 1374 honorarias
2113 1337 2236 1385 dupli-

339 1420 448 1456 cavit.
471 1441 523 1445 -
545 1419 643 1454 Tum
681 1417 801 1453 Imrmi
834 1422 920 1464 post
958 1426 1096 1450 annum
1135 1420 1255 1448 totum
1295 1424 1390 1459 opus
1426 1411 1547 1447 nitide
1585 1411 1797 1459 exscripsit.
1822 1434 1873 1436 —
1895 1411 1978 1446 Iam
2016 1410 2120 1446 fama
2155 1410 2236 1446 eius

341 1493 608 1539 divulgabatur
639 1497 673 1525 et
707 1488 941 1536 exemplaria
972 1500 1038 1534 per
1067 1492 1209 1521 tractus
1247 1484 1582 1532 dispergebantur,
1622 1491 1658 1519 et
1689 1484 1880 1532 principes
1912 1483 2079 1520 virorum
2113 1483 2237 1519 erudi-

341 1571 462 1600 torum
491 1563 624 1598 librum
653 1561 861 1597 honorifice
893 1566 1086 1606 receptum
1113 1558 1331 1605 probabant
1355 1562 1513 1604 propter
1538 1556 1716 1592 eximiam
1746 1556 1827 1592 eius
1854 1556 2174 1604 compositionem
2201 1561 2239 1591 et

342 1638 553 1684 elegantem
593 1634 821 1677 orationem,
865 1632 918 1667 ita
956 1639 996 1666 ut
1036 1638 1170 1666 auctor
1201 1629 1334 1665 Ix'lzatz'b
1375 1629 1634 1677 et-mqfassirc'n
1674 1630 1824 1675 (orator
1859 1628 1958 1664 inter
1990 1628 2238 1676 interpretes)

343 1709 606 1756 appellaretur,
668 1704 829 1742 Constat
855 1704 968 1739 etiam
996 1701 1310 1739 commentarium
1339 1701 1477 1737 nullius
1500 1700 1570 1736 viri
1598 1701 1701 1737 docti
1728 1707 1876 1748 praeter
1905 1714 1990 1736 eum
2018 1707 2106 1748 post
2126 1701 2238 1736 Kesk-

342 1781 426 1828 sluif
453 1779 577 1826 (cuius
603 1784 736 1814 auctor
759 1777 1018 1812 Zumaldzslzerz'
1043 1778 1116 1822 est)
1149 1781 1185 1810 et
1214 1774 1352 1810 Amcotr
1373 1773 1536 1810 et-tenzz'l
1566 1786 1588 1808 a
1619 1772 1743 1810 Cadhi
1767 1774 1958 1809 Beidlaim·
1983 1773 2236 1821 compositum

343 1853 388 1888 ad
417 1853 517 1887 illum
544 1851 702 1899 gradum
732 1848 968 1885 auctoritatis
995 1854 1031 1883 et
1058 1846 1289 1883 celebritatis
1315 1845 1555 1894 pervenisse,
1588 1846 1698 1892 cique
1726 1847 1819 1881 haec
1846 1846 2062 1882 aestimatio
2088 1857 2237 1882 summo

344 1925 423 1960 iure
450 1924 626 1967 debetur,
659 1923 749 1958 licet
773 1922 892 1957 multa
918 1921 951 1956 ei
976 1919 1110 1964 insint,
1143 1931 1240 1966 quae
1268 1918 1514 1966 prohibeant,
1548 1930 1623 1965 quo
1649 1918 1774 1953 minus
1800 1924 1935 1954 auctor
1960 1917 2237 1954 immunitatem

344 1999 390 2033 ab
418 1996 520 2032 omni
546 2008 672 2031 errore
698 1994 770 2030 sibi
801 2000 963 2040 arroget.
1022 1993 1160 2039 Neque
1189 1991 1345 2027 dubium
1378 1996 1451 2036 est,
1484 1990 1575 2038 quin
1605 1990 1669 2036 iis,
1702 2003 1799 2038 quae
1831 1992 1878 2027 ab
1911 1991 1994 2027 aliis
2020 1990 2241 2027 auctoribus

345 2068 571 2116 depromsit,
617 2067 803 2114 interpres
838 2065 1001 2101 evaserit
1034 2064 1187 2100 fortuna
1220 2063 1403 2111 singulari
1438 2069 1611 2108 ornatus,
1657 2069 1699 2099 ut
1731 2063 2033 2100 Shz‘lm'h-ed-din
2065 2065 2174 2099 Misri
2202 2062 2239 2098 in

345 2140 523 2188 Klmba'gsci
549 2139 760 2186 ez-zewa'gsci
787 2138 982 2173 dicit.“—-

455 2235 514 2270 Ex
537 2234 632 2270 libro
660 2233 740 2280 ipso
765 2233 855 2268 satis
882 2238 1051 2279 apparet,
1079 2231 1182 2266 illum
1211 2230 1415 2266 maximam
1442 2237 1585 2278 partem
1611 2243 1629 2266 e
1653 2231 1938 2267 commentariis
1960 2230 2240 2267 Beidhawiano

345 2314 381 2343 et
403 2306 752 2342 Zamakhsheriano
780 2305 983 2340 conflatum
1011 2316 1104 2339 esse.
1165 2301 1346 2340 Continet
1370 2309 1495 2338 autem
1523 2303 1601 2338 fere
1626 2315 1777 2339 omnem
1804 2303 1980 2339 lectionis
2002 2303 2240 2348 varietatem,

345 2379 485 2415 iudicio
518 2378 740 2426 saepissime
772 2377 817 2412 de
850 2389 895 2412 ea
920 2376 1157 2423 interposito.
1217 2375 1353 2422 Itaque
1387 2376 1487 2411 hunc
1524 2375 1696 2423 inprimis
1729 2376 1863 2411 ducem
1896 2375 1989 2411 mihi
2021 2375 2240 2424 eligendum

346 2464 428 2486 csse
455 2450 597 2498 putavi.
658 2449 816 2486 Summa
840 2454 965 2484 autem
994 2460 1144 2493 eorum,
1178 2460 1275 2494 quae
1302 2460 1348 2483 ex
1375 2448 1447 2483 hoc
1472 2448 1570 2483 libro
1594 2448 1641 2483 ad
1664 2454 1810 2484 textum
1838 2448 2149 2484 constituendum
2178 2447 2241 2483 de-

347 2525 636 2571 promebantur,
668 2522 706 2557 in
730 2520 1022 2569 Prolegomenis
1055 2520 1269 2568 deponetur
1294 2526 1332 2556 et
1354 2520 1541 2556 lectiones
1571 2520 1769 2568 graviores
1795 2521 1844 2557 ad
1870 2527 1990 2557 artem
2017 2520 2172 2556 criticae
2202 2519 2241 2556 in

347 2595 500 2632 Corano
527 2594 779 2631 exercendam
806 2606 828 2629 a
850 2593 1059 2629 lectoribus
1085 2592 1304 2629 clarissimis
1330 2592 1521 2629 admissae
1547 2593 1793 2639 adiicientur,
1827 2594 1930 2630 unde
1957 2593 2085 2629 variae
2111 2604 2242 2629 recen-

345 2668 473 2703 siones
499 2667 679 2715 cognosci
705 2672 741 2702 et
767 2665 977 2701 examinari
1001 2670 1191 2713 poterunt.
1252 2665 1401 2701 Horum
1430 2672 1467 2701 et
1492 2666 1652 2701 aliorum
1679 2666 1833 2702 criticae
1859 2665 2116 2702 subsidiorum
2140 2678 2162 2701 a
2184 2663 2240 2702 Cl.

348 2741 465 2776 Ebert
490 2739 747 2788 plenissimam
774 2738 866 2774 mihi
892 2738 1030 2773 factam
1059 2750 1140 2773 esse
1166 2744 1395 2785 potestatem
1422 2739 1559 2774 lubens
1584 2746 1792 2787 gratusque
1817 2739 2011 2787 profiteor.

455 2834 517 2870 De
547 2833 695 2870 ratione
722 2846 795 2880 qua
821 2832 1131 2880 orthographiam
1159 2832 1498 2868 administrandam
1533 2845 1615 2869 esse
1647 2833 1779 2881 putavi
1811 2833 1849 2869 in
1880 2834 1952 2868 hae
1982 2845 2085 2868 nova
2114 2838 2241 2869 textus

346 2905 588 2951 recensione,
620 2907 692 2941 hoc
722 2918 839 2940 unum
871 2917 1026 2940 monere
1057 2904 1231 2940 sufficiat.
1299 2904 1408 2951 Quae
1436 2904 1579 2942 Corani
1608 2906 1775 2942 lectores
1801 2911 1839 2942 et
1862 2904 2103 2954 grammatici
2132 2917 2241 2952 prae-

346 2986 457 3026 cepta
481 2978 636 3014 tradunt
661 2977 707 3013 de
734 2990 778 3012 ea
803 2990 841 3013 re
868 2977 1001 3012 mirum
1028 2977 1067 3012 in
1092 2977 1247 3013 modum
1271 2979 1468 3025 perplexa,
1496 2984 1673 3014 contorta
1699 2984 1736 3015 et
1760 2977 1983 3026 saepissime
2009 2977 2081 3014 sibi
2107 2977 2241 3013 adver-

345 3051 470 3087 santia
494 3062 704 3098 parumque
730 3049 827 3084 inter
852 3061 891 3085 se
918 3049 1143 3094 constantia,
1176 3062 1254 3086 non
1285 3049 1435 3097 admisi,
1467 3050 1718 3087 soloecismos
1750 3050 1904 3096 evitavi,
1937 3062 2036 3098 quae
2063 3056 2243 3097 corrupta

347 3135 395 3160 ex
419 3123 630 3170 scripturae
654 3134 793 3170 genere
821 3120 951 3158 Cufico
984 3122 1031 3157 ad
1062 3124 1161 3158 hunc
1192 3135 1312 3170 usque
1340 3123 1439 3159 diem
1473 3123 1511 3159 in
1543 3123 1716 3171 plurimis
1747 3123 1945 3159 codicibus
1970 3122 2241 3170 superstitione

347 3195 510 3243 quadam
539 3194 717 3242 religiosa
743 3200 967 3229 conservata
993 3201 1116 3234 erant,
1150 3195 1348 3243 repudiavi
1376 3202 1413 3231 et
1439 3195 1595 3231 omnino
1622 3195 1752 3231 omnia
1776 3195 2010 3243 improbavi,
2039 3207 2137 3242 quae
2159 3194 2241 3230 sine
