2652 3696
778 570 1229 633 LECTORI
1322 570 1878 634 BENEVOLO

1243 736 1281 770 S1
1311 736 1350 771 P.
1380 737 1420 770 D.

884 867 1319 917 GUSTAVUS
1378 866 1775 916 FLUEGEL.

494 1174 644 1239 Col-ani
671 1214 769 1249 quae
795 1202 833 1238 in
857 1213 967 1239 usum
994 1200 1188 1248 publicum
1217 1206 1405 1235 venerunt
1431 1200 1525 1235 duas
1552 1207 1696 1236 tantum
1725 1201 1914 1237 editiones
1945 1203 2148 1249 habemus,
2186 1204 2281 1240 Hin-

379 1275 707 1312 ekelmannianam
742 1280 779 1310 et
808 1273 1104 1309 Maraccianam.
1166 1271 1275 1318 Quae
1300 1272 1499 1319 Petropoli
1533 1279 1569 1308 et
1595 1271 1736 1309 Casani
1762 1273 1862 1321 typis
1889 1274 2123 1322 exscriptae,
2155 1288 2280 1324 neque

378 1356 506 1385 tamen
541 1361 711 1395 unquam
750 1346 893 1394 publici
930 1346 1021 1382 iuris
1058 1345 1183 1381 factae
1220 1351 1325 1389 sunt,
1363 1345 1517 1381 nonnisi
1553 1345 1592 1380 in
1624 1357 1834 1393 paucorum
1872 1346 2040 1383 virorum
2079 1349 2278 1386 doctorum

378 1423 554 1457 manibus
587 1426 788 1456 versantur
818 1426 856 1455 et
885 1432 933 1454 ne
964 1418 1002 1454 in
1041 1418 1218 1453 omnibus
1255 1417 1408 1464 quidem
1447 1417 1690 1454 bibliothecis
1728 1418 1842 1466 regiis
1880 1427 2136 1457 asservantur.
2194 1422 2280 1458 Hae

379 1494 520 1542 pariter
556 1500 670 1540 atque
707 1493 794 1528 illae
832 1503 930 1539 quae
967 1490 1004 1526 in
1038 1489 1137 1526 Asia
1171 1489 1256 1538 ipsa
1287 1490 1531 1538 prodierunt,
1570 1496 1611 1526 ut
1649 1491 1767 1527 editio
1805 1491 2060 1528 interlinearis
2096 1494 2134 1530 in
2169 1494 2281 1530 India

378 1567 563 1614 impressa
594 1577 769 1612 quaeque
797 1563 944 1599 Shirazi
977 1576 1000 1598 a
1029 1562 1275 1610 lithographo
1303 1562 1593 1598 describebatur
1619 1570 1656 1599 et
1680 1563 1891 1600 novissima
1915 1565 1980 1601 illa
2006 1564 2146 1602 Casani
2172 1568 2278 1614 prelo

377 1639 550 1674 subiecta
575 1650 665 1673 aves
691 1636 907 1672 rarissimae
934 1641 1021 1671 sunt
1046 1634 1085 1671 in
1116 1635 1174 1670 his
1205 1634 1333 1679 terris,
1373 1647 1466 1682 quas
1499 1636 1673 1671 evolasse
1705 1635 1859 1683 quidem
1891 1637 2008 1673 fando
2047 1639 2276 1687 accepimus,

378 1712 445 1747 sed
471 1723 566 1758 quas
597 1709 718 1746 oculis
749 1721 955 1756 usurpasse
987 1708 1053 1743 vix
1082 1707 1148 1743 ulli
1179 1707 1407 1744 nostratium
1441 1708 1611 1756 contigit.
1671 1708 1808 1756 Itaque
1838 1709 1959 1746 lustra
1989 1710 2124 1759 viginti
2149 1723 2218 1748 sex
2244 1719 2280 1748 et

378 1785 487 1831 plura
512 1782 810 1831 praeterierunt,
844 1787 1049 1828 antequam
1078 1793 1181 1816 nova
1207 1780 1324 1816 editio
1351 1787 1663 1828 praepararetur,
1697 1781 1744 1817 ad
1771 1793 1883 1828 qnam
1907 1782 1977 1818 viri
2005 1783 2107 1819 docti
2134 1784 2276 1821 aditum

377 1857 448 1892 sibi
474 1856 746 1904 patefacerent.
795 1854 971 1890 Tandem
1000 1853 1168 1889 animum
1195 1853 1243 1888 ad
1265 1866 1404 1888 novam
1434 1851 1576 1889 Corani
1602 1853 1809 1890 editionem
1838 1855 2070 1891 moliendam
2097 1857 2279 1905 applicuit

379 1917 540 1965 Carolus
563 1927 818 1964 Tauchnitius
844 1927 1059 1974 bibliopola
1080 1933 1117 1962 et
1142 1927 1406 1974 typogmplnis
1431 1926 1654 1973 Lipsiensis.
1715 1924 1867 1963 Scimus
1893 1940 1977 1963 eum
2004 1928 2041 1964 in
2065 1930 2279 1977 alphabetis

379 2001 681 2038 occidentalibus
706 1999 896 2048 fingendis
921 2012 999 2035 non
1022 1998 1278 2045 acquievisse;
1305 1998 1379 2034 iam
1408 1998 1551 2034 dudum
1578 1998 1617 2034 in
1643 1998 1894 2036 orientalibus
1921 2012 2074 2048 quoque
2099 2002 2280 2050 parandis

379 2087 532 2123 operam
564 2073 693 2122 posuit
723 2072 968 2108 indefessam.
1028 2071 1129 2107 Hinc
1161 2072 1303 2107 factum
1336 2078 1410 2113 est,
1448 2078 1489 2107 ut
1519 2071 1638 2108 literis
1664 2072 1859 2109 idiomatis
1884 2074 2053 2110 hebraici
2080 2081 2117 2110 et
2141 2074 2279 2123 syriaci

378 2148 425 2182 ad
456 2159 642 2183 summam
675 2144 904 2194 elegantiam
937 2143 1114 2180 adductis
1145 2144 1317 2180 arabicas
1349 2156 1503 2191 quoque
1535 2143 1678 2180 formas
1711 2145 1836 2181 denuo
1869 2146 2051 2194 effingere
2082 2146 2282 2184 induceret

379 2220 415 2255 in
441 2218 620 2255 animum.
681 2218 805 2264 Quam
838 2230 918 2253 rem
945 2223 1149 2264 antequam
1178 2217 1470 2264 aggrederetur,
1511 2217 1758 2265 Boettigerus
1784 2218 1847 2254 ille
1872 2219 2121 2266 Dresdensis,
2155 2220 2281 2256 fautor

380 2304 485 2327 meus
527 2290 860 2339 praesentissimus
904 2295 1084 2336 tutorque
1128 2289 1365 2335 carissimus,
1416 2290 1462 2325 dc
1505 2302 1607 2325 nova
1650 2288 1790 2325 Coi-ani
1836 2291 2005 2327 editione
2042 2292 2280 2328 conficienda

379 2363 651 2400 'l'auchnitium
695 2362 966 2398 amicissimum
1017 2373 1124 2397 suum
1169 2361 1446 2397 sollicitaverat
1488 2368 1525 2398 et
1566 2362 1626 2398 cui
1664 2369 1810 2399 textum
1849 2364 2059 2400 curandum
2097 2365 2278 2410 traderet,

379 2436 567 2472 dubitanti
605 2449 664 2471 mc
703 2435 1052 2470 ‹‘·‹›mmen(laverat.
1113 2434 1368 2470 Tauchnitius
1402 2448 1478 2470 non
1513 2434 1720 2481 recusavit,
1759 2436 1855 2472 vidit
1892 2442 2018 2472 tamen
2057 2450 2152 2484 opus
2196 2450 2278 2473 esse

378 2509 485 2545 multi
522 2508 677 2544 laboris,
739 2506 1027 2555 Circumspecte
1064 2507 1274 2555 agendum,
1330 2507 1522 2554 praesidia
1563 2506 1617 2543 rei
1660 2508 1757 2543 bene
1793 2509 1987 2556 gerendae
2023 2510 2279 2557 undecunque

378 2582 607 2630 colligenda,
641 2581 755 2626 viros,
783 2580 813 2616 si
840 2580 903 2627 qui
931 2585 1070 2625 essent,
1098 2579 1161 2626 qui
1188 2580 1348 2615 consilio
1376 2586 1413 2616 et
1438 2592 1477 2616 re
1510 2592 1621 2627 opem
1649 2580 1747 2616 ferre
1773 2588 1942 2628 possent,
1971 2582 2169 2618 adeundos
2196 2594 2278 2618 esse

378 2653 577 2690 intellexit.
636 2652 746 2689 Unus
783 2659 909 2688 tamen
947 2651 1038 2687 mihi
1088 2651 1207 2687 instar
1249 2651 1417 2687 omnium
1468 2652 1548 2688 fuit.
1608 2653 1792 2688 Precibus
1831 2653 1953 2689 enixis
1990 2654 2195 2702 Iosephum
2232 2655 2277 2689 dc

378 2727 580 2771 lIammer‚
619 2725 683 2773 qui
708 2725 800 2760 mihi
827 2736 1021 2771 nunquam
1049 2723 1186 2769 defuit,
1219 2724 1326 2760 oravi
1353 2731 1390 2760 et
1415 2725 1628 2761 obtestatus
1655 2737 1755 2771 sum,
1787 2732 1829 2761 ut
1853 2726 2076 2762 adiumenta
2100 2732 2279 2775 typogra—

378 2799 491 2846 phica
514 2798 701 2842 mitteret,
740 2809 838 2844 quae
866 2797 1027 2832 haberet
1050 2796 1113 2832 vel
1134 2808 1341 2843 procurare
1368 2804 1508 2844 posset.
1568 2798 1700 2844 Atque
1726 2797 1769 2843 is,
1797 2810 1872 2845 qua
1898 2805 1954 2834 est
1979 2798 2215 2834 hum-‘mitate
2242 2806 2276 2834 et

378 2884 453 2918 quo
485 2871 523 2907 in
554 2870 690 2907 studiis
719 2870 935 2917 linguarum
964 2866 1218 2905 Orientalium
1251 2868 1585 2916 constabiliendis,
1616 2870 1891 2918 promovendis
1923 2870 2277 2918 amplificandisque

378 2956 507 2980 amore
542 2942 830 2987 ardentissimo,
870 2942 981 2989 plura
1014 2940 1220 2988 praestitit,
1262 2953 1373 2988 quam
1408 2941 1600 2989 pollicitus
1632 2950 1722 2978 erat.
1791 2943 1897 2978 Misit
1928 2956 2025 2990 quae
2058 2943 2093 2978 in
2127 2950 2275 2990 promtu

379 3023 486 3052 erant
509 3016 687 3052 Viennae
712 3016 774 3051 vel
799 3013 870 3062 ipsi
897 3013 958 3049 vel
983 3012 1220 3048 Academiae
1249 3013 1423 3049 orientali
1451 3013 1662 3062 scripturae
1688 3015 1864 3051 arabicae
1890 3015 2100 3062 specimina
2126 3016 2276 3061 elegan-

377 3088 524 3124 tissima
560 3094 597 3124 et
629 3086 908 3124 formosissima
941 3084 1278 3133 Constantinopoli
1316 3087 1523 3122 elaborata.
1599 3087 1671 3122 His
1709 3094 1746 3123 et
1782 3088 1865 3123 aliis
1902 3088 1940 3122 in
1981 3100 2089 3123 usum
2130 3088 2275 3122 vocatis

377 3160 614 3208 singulisque
646 3159 766 3196 literis
803 3158 975 3196 tractatis
1010 3164 1047 3194 et
1079 3158 1294 3194 retractatis
1331 3158 1411 3206 typi
1445 3159 1597 3194 tandem
1637 3159 1896 3195 fundebantur
1932 3172 2022 3195 cura
2054 3158 2273 3194 Tauehnitii
