2652 3696
2166 265 2211 295 IX

314 401 469 441 nomine
497 395 710 434 orationem
737 391 775 426 in
801 387 1037 425 solemnibus
1064 381 1342 432 typographiae
1369 375 1630 413 saecularibus
1657 371 1801 420 quartis
1824 370 2039 407 habendam
2066 367 2216 413 indixit,

316 488 402 525 pag.
435 472 500 509 27.
536 465 739 506 commode
777 459 995 498 adnotavit:
1040 455 1175 505 „Typi
1214 453 1326 489 huius
1364 449 1491 498 operis
1524 445 1685 494 (Corani
1724 443 1865 479 arabici
1901 440 2090 490 Fluegelii
2128 452 2219 477 cura

319 547 448 594 editi),
486 541 664 580 officinae
696 533 1004 574 Tauchnitianae
1037 529 1199 578 proprii,
1238 523 1580 571 Franeogallorum
1613 525 1650 555 et
1674 517 1948 554 Britannorum
1979 521 2092 564 typos
2121 514 2219 550 Ara-

318 622 426 659 bicos
453 614 688 654 antecellunt
705 612 764 657 *);
798 613 969 644 attamen
993 604 1105 651 signa
1132 599 1320 648 quaedam
1348 595 1497 632 minuta
1516 594 1579 640 Η)
1610 591 1788 639 neglecta
1812 588 1901 624 fidei
1930 585 2221 624 Muhammeda-

321 703 456 729 norum
484 686 727 725 orthodoxae
753 687 874 718 artem
898 674 1218 728 typographicam
1243 669 1437 718 „GiaurP‘
1463 671 1681 714 suspectam
1703 662 1916 699 reddidisse
1943 661 2167 699 dicu1itur,“

435 759 675 799 Paucissima
714 761 840 792 autem
881 757 986 796 sunt,
1031 760 1129 796 quae
1169 751 1321 794 praeter
1358 740 1519 777 mendas
1553 736 1738 785 quasdam
1775 735 1942 771 leviores
1981 733 2018 768 in
2057 733 2225 769 secunda

325 837 495 876 editione
528 829 714 869 mutanda
745 825 888 876 putavi.
956 822 1112 869 Ubique
1152 818 1252 855 enim
1287 814 1366 852 Elis
1402 812 1568 849 otiosum
1608 808 1751 854 delevi,
1802 807 1906 855 quod
1939 804 2226 853 orthographia,

327 923 425 959 quae
456 918 557 944 nunc
588 905 627 941 in
658 901 818 939 Oriente
849 897 1062 940 obtinetur,
1097 903 1248 939 semper
1281 889 1320 924 in
1350 887 1478 923 futuro
1509 884 1715 920 verborum
1746 880 1881 917 tertiae
1907 879 2019 914 W'aw
2050 877 2228 919 admittit,

328 993 381 1029 ita
410 995 452 1025 ut
482 985 587 1035 quod
617 980 786 1029 exempli
815 976 939 1028 gratia
967 974 1007 1011 in
1037 972 1161 1022 prima
1190 969 1360 1006 editione
1387 964 1570 1012 scriptum
1599 968 1657 999 est
1687 957 1817 1032 iffi,
1849 970 1950 995 nunc
1976 957 2157 1005 seriptum
2184 955 2232 992 sit

323 1065 423 1148 73⁹}
460 1084 498 1115 et
534 1086 633 1123 quae
664 1077 753 1109 sunt
782 1068 941 1116 reliqua.
999 1061 1158 1101 Accidit
1193 1059 1356 1096 fortasse
1387 1064 1684 1101 nonnunquam,
1732 1047 1978 1098 quantumvis
2013 1047 2053 1083 id
2090 1046 2233 1083 evitare

332 1152 437 1191 omni
467 1149 595 1188 studio
628 1145 755 1183 enisus
787 1142 876 1186 sim,
909 1145 950 1176 ut
980 1137 1105 1173 forma
1135 1134 1200 1170 illa
1225 1133 1298 1168 hoc
1326 1136 1499 1176 tempore
1525 1123 1749 1173 saepissime
1775 1127 1959 1170 usurpata
1985 1121 2058 1156 hoc
2084 1120 2145 1155 vel
2169 1118 2234 1154 illo

333 1229 418 1264 ¹000
450 1227 598 1260 mutata
627 1231 705 1255 non
735 1216 794 1253 sit.
855 1211 971 1260 Quod
1002 1208 1034 1246 si
1065 1205 1210 1251 evenit,
1242 1205 1407 1240 lectores
1432 1199 1645 1237 benevolos
1669 1202 1712 1233 ut
1737 1200 1923 1232 excusent
1954 1200 2110 1241 rogatos
2137 1192 2236 1228 volo.

334 1301 456 1336 Porro
490 1297 622 1332 literae
656 1290 809 1327 vocales
835 1297 872 1323 et
898 1289 1041 1333 puncta
1066 1278 1281 1322 diacritica,
1323 1274 1446 1311 rarius
1478 1273 1584 1321 ipsae
1609 1270 1762 1315 literae,
1799 1268 1920 1304 multo
1946 1279 2017 1303 usu
2042 1265 2137 1302 locis
2161 1276 2237 1300 non

336 1371 467 1421 paucis
499 1366 674 1404 mutilata
703 1362 765 1398 vel
797 1357 953 1396 omnino
985 1355 1107 1391 fracta
1138 1358 1176 1388 et
1201 1351 1329 1386 deleta
1352 1347 1392 1383 in
1417 1344 1609 1394 prioribus
1635 1341 1870 1379 editionibus
1896 1352 2036 1388 magna
2061 1350 2169 1383 cura,
2200 1343 2239 1372 ut

338 1446 584 1482 reficerentur
609 1444 647 1475 et
672 1434 799 1485 pravis
820 1430 982 1468 meliora
1007 1426 1347 1466 substituerentur,
1381 1418 1504 1457 effeci.
1564 1418 1700 1464 Itaque
1726 1416 1822 1451 haec
1847 1412 1965 1450 editio
1991 1425 2070 1448 non
2094 1410 2241 1446 minore

339 1530 451 1566 quam
491 1513 595 1563 prior
633 1506 832 1556 diligentia
868 1504 1066 1539 elaborata
1103 1504 1140 1535 et
1172 1507 1316 1533 excusa
1347 1500 1420 1538 est,
1463 1504 1588 1538 neque
1629 1496 1757 1525 tamen
1788 1487 1849 1522 vel
1881 1485 1935 1522 sic
1965 1484 2078 1531 aequi
2109 1485 2242 1519 harum

341 1602 465 1628 rerum
503 1584 805 1623 existimatores,
847 1582 889 1613 ut
926 1573 1055 1612 omnia
1090 1571 1218 1619 signa,
1261 1572 1404 1616 puncta
1440 1572 1476 1601 et
1512 1564 1636 1600 lineae
1675 1560 1852 1598 omnibus
1889 1557 2038 1594 mendis
2078 1561 2244 1598 careant,

342 1662 535 1713 postulare
568 1656 736 1694 animum
768 1650 970 1691 inducent3
1011 1645 1115 1693 quod
1147 1655 1263 1690 quum
1294 1640 1333 1676 in
1363 1639 1468 1675 nullo
1502 1637 1598 1673 libro
1631 1633 1730 1671 effici
1761 1638 1894 1681 queat,
1926 1637 2032 1668 tanto
2059 1629 2184 1665 minus
2209 1628 2246 1664 in

342 1733 493 1783 seriptis
519 1728 683 1768 arabicis
708 1726 831 1772 iisque
863 1719 1064 1757 vocalibus
1095 1713 1290 1753 instructis
1316 1710 1459 1761 sperari
1487 1715 1625 1758 potest.

454 1807 615 1843 Praeter
640 1803 736 1837 haec
762 1809 859 1845 quae
888 1793 968 1830 dixi
992 1791 1087 1829 nihil
1113 1788 1276 1832 mutavi3
1310 1799 1354 1822 ac
1381 1785 1629 1821 vehementer
1653 1782 1818 1816 laetatus
1843 1790 1945 1823 sum,
1978 1775 2100 1824 quod,
2133 1787 2248 1822 quum

347 1894 467 1930 nuper
497 1879 634 1915 iterum
659 1870 819 1910 Parisiis
845 1874 882 1905 et
909 1866 1095 1904 Genevae
1123 1871 1403 1904 commorarer,
1430 1856 1501 1892 viri
1528 1854 1649 1899 docti,
1681 1852 1745 1900 qui
1776 1852 1815 1888 in
1846 1849 1987 1887 scholis
2012 1848 2089 1885 suis
2122 1853 2253 1883 nostra

348 1945 517 1993 edit-ione
548 1954 726 1992 utuntur,
758 1942 884 1992 rogati
915 1954 937 1977 a
960 1951 1041 1985 me,
1073 1944 1115 1973 ut
1141 1947 1238 1983 quae
1265 1932 1338 1970 sibi
1359 1929 1545 1967 mutanda
1572 1927 1795 1963 viderentur
1819 1935 1969 1960 mecum
1997 1919 2253 1958 communica-

349 2034 450 2074 rent,
483 2026 530 2062 ad
555 2034 674 2060 unum
697 2029 831 2055 omnes
856 2012 1019 2064 professi
1045 2019 1150 2055 sunt,
1189 2013 1335 2044 textum
1362 2004 1416 2040 ita
1442 2014 1525 2039 esse
1552 2004 1833 2048 comparatum,
1866 2002 1907 2032 ut
1931 1994 2108 2044 graviore
2134 1999 2255 2028 muta-

351 2102 454 2139 tione
487 2102 600 2146 egeat
625 2093 743 2130 nulla.
804 2088 892 2136 Quo
924 2084 1046 2133 magis
1077 2091 1205 2119 autem
1238 2090 1396 2128 operam
1422 2076 1461 2112 in
1487 2074 1641 2112 Corano
1669 2072 1896 2109 collocatam
1923 2069 2124 2116 probatam
2152 2065 2257 2101 vide-

353 2187 436 2211 mus
467 2179 505 2208 et
535 2174 732 2216 acceptam
765 2177 787 2200 a
816 2161 907 2198 viris
940 2157 1081 2202 doctis,
1121 2168 1166 2191 eo
1197 2152 1320 2200 magis
1356 2161 1508 2197 semper
1544 2145 1802 2189 studebimus,
1840 2148 1882 2179 ut
1917 2141 2032 2186 nihil,
2070 2139 2174 2187 quod
2211 2138 2259 2174 ad

355 2242 639 2284 emendandum
667 2243 814 2275 textum
841 2240 879 2270 et
905 2232 953 2269 ad
979 2229 1188 2267 editionem
1215 2224 1353 2262 melius
1379 2218 1722 2259 administrandam
1751 2214 1896 2264 aliquid
1922 2213 2095 2251 conferre
2127 2210 2260 2260 possit,

356 2319 585 2368 negligatur.

470 2386 621 2436 Quodsi
647 2380 871 2430 contigerit,
903 2384 944 2414 ut
976 2388 1073 2424 quac
1096 2374 1171 2410 iam
1198 2370 1327 2420 prodit
1353 2368 1490 2413 editio,
1519 2366 1653 2403 eadem
1681 2376 1756 2411 qua
1781 2361 1885 2410 prior
1911 2359 2124 2407 excipiatur
2149 2347 2264 2393 bene-

360 2462 548 2507 volentia,
585 2456 815 2496 laetabimur
846 2456 1052 2501 propterea
1083 2445 1270 2490 maxime,
1308 2443 1413 2490 quod
1440 2442 1672 2477 documento
1699 2438 1773 2472 hoc
1799 2434 1887 2479 erit,
1921 2433 2115 2468 literarum
2142 2427 2265 2465 arabi-

361 2549 489 2576 carum
517 2532 683 2571 studium
707 2540 810 2565 nova
831 2526 1068 2561 incrementa
1094 2526 1130 2556 et
1156 2517 1304 2566 cepisse
1331 2522 1369 2552 et
1394 2519 1593 2562 capturum
1620 2522 1714 2547 esse.

475 2622 620 2671 Scripsi
645 2619 819 2656 Misenae
843 2615 904 2651 die
928 2611 1062 2649 XXV.
1087 2608 1201 2646 Iunii.

365 2732 902 2751 s

469 2814 495 2842 ¹)
516 2811 637 2836 Raabius
658 2808 703 2839 qui
725 2807 758 2830 ab
773 2803 899 2835 epistolis
915 2801 1063 2830 aganonis
1077 2798 1232 2822 austriarae
1247 2795 1280 2819 ad
1296 2797 1403 2825 portam
1418 2793 1589 2816 osnmnicam
1604 2793 1654 2818 cst,
1668 2789 1710 2812 vir
1723 2792 1848 2810 summac
1864 2782 2026 2808 cruditionis
2041 2784 2066 2805 rt
2080 2779 2271 2807 humanitatis,

368 2859 563 2884 consentiente
577 2847 896 2879 Hammero-Purgstull
906 2865 911 2875 ,
926 2847 972 2877 qui
988 2846 1130 2869 literarum
1146 2839 1411 2870 Constantinopolin
1425 2837 1522 2861 dehac
1536 2842 1564 2859 re
1578 2833 1790 2858 scribendarum
1803 2836 1897 2854 curam
1913 2829 1939 2852 in
1953 2833 1983 2852 se
1996 2827 2170 2856 susceperat,
2188 2823 2273 2847 verba

370 2905 462 2929 Hassii
479 2900 653 2927 confirmavit
667 2898 719 2921 hoc
739 2895 848 2920 reddito
868 2897 1017 2921 responso:
1043 2908 1056 2916 ,.
1068 2888 1128 2918 Qu(-
1144 2887 1201 2910 ccla
1216 2885 1369 2916 (specimen
1385 2882 1485 2907 Corani
1500 2881 1553 2905 mci
1568 2879 1643 2911 typis
1657 2878 1833 2908 expressum)
1853 2876 1919 2897 mut
1934 2872 2039 2899 mieux,
2061 2876 2113 2900 que
2127 2871 2219 2893 tontes
2233 2867 2273 2891 les

370 2952 464 2973 autres
479 2946 609 2977 (lettres),
625 2944 691 2966 dont
705 2948 740 2965 on
754 2942 820 2964 s‘cst
834 2938 907 2962 servi
919 2934 1049 2966 jusqu⁴ici
1065 2940 1097 2957 en
1114 2932 1233 2961 Europe.
1244 2932 1261 2942 ‘¹

471 2991 516 3021 U)
538 2990 628 3013 Huius
647 2986 756 3017 generis
775 2985 842 3008 sunt
859 2980 968 3006 numeri
987 2978 1021 3003 ad
1041 2976 1168 3009 plagulas
1188 2973 1376 3005 designandas
1391 2975 1418 2996 et
1432 2972 1509 2995 initio
1522 2975 1654 2993 versuum
1668 2967 1753 2998 positi
1767 2967 1795 2989 et
1807 2969 1878 2995 qnae
1889 2963 1954 2986 sunt
1966 2961 2030 2984 alia.
2066 2957 2197 2982 Attamen
2211 2962 2275 2980 eum

371 3038 401 3063 in
417 3037 511 3062 animo
530 3037 619 3061 esset,
640 3033 764 3056 virorum
785 3029 931 3052 doctorum
946 3025 1157 3053 Eur‹=p:1«·‹n-1un
1172 3023 1281 3044 tantum
1296 3017 1442 3042 commodo
1457 3015 1576 3042 servire,
1603 3012 1696 3036 omnia
1710 3009 1757 3033 illn
1772 3008 1851 3039 signa
1864 3007 1948 3032 etiam
1962 3006 1990 3030 in
2003 3004 2054 3028 hac
2067 3008 2140 3027 nova
2153 3000 2274 3026 editione

373 3081 502 3109 consulto
514 3079 635 3112 repetita
647 3076 790 3104 invenies,
809 3079 902 3104 neque
916 3071 969 3095 iilis
983 3076 1034 3093 nos
1049 3067 1129 3092 facile
1142 3063 1415 3095 carerepoterimns.

1151 3152 1499 3182 r—-oenv—
1508 3162 1518 3164 Α
1530 3161 1538 3163 s
