2566 3752
318 325 333 356 1
338 325 361 354 V

320 427 474 463 assidua
500 429 537 459 et
564 418 798 464 incredibili,
831 429 991 465 quorum
1020 414 1108 450 Tibi
1137 413 1197 448 hie
1223 412 1419 460 specimen
1446 409 1710 458 proponimus.
1770 410 1817 446 In
1840 410 1978 458 quibus
2003 424 2082 448 non
2107 411 2225 449 modo

320 500 356 535 id
388 496 622 534 laudandum
656 499 729 537 est,
763 491 866 539 quod
899 501 996 536 quae
1029 487 1208 523 dicuntur
1237 484 1426 532 ligaturae
1458 483 1745 519 accuratissime
1772 489 1810 520 et
1835 484 2119 532 elegantissime
2150 484 2226 522 for-

320 578 444 607 matae
471 574 570 613 sunt,
602 567 669 603 sed
696 565 793 601 ratio
820 563 947 607 etiam,
981 574 1056 608 qna
1081 570 1196 594 voees
1224 557 1323 606 typis
1350 556 1566 604 exscriptae
1592 562 1692 602 sunt,
1725 556 1964 592 annexiones
1989 557 2224 605 singularum

320 645 536 687 literarum,
596 641 765 676 flexurae
811 642 849 673 et
890 634 1031 683 positio
1072 631 1263 668 vocalium
1308 636 1602 676 ceterorumque
1645 628 1842 677 signorum
1887 630 2223 677 anagnosticorum

322 715 527 752 artificiosa
565 720 602 749 et
640 723 805 760 operosa
842 710 1024 745 lectorem
1064 704 1219 753 propria
1257 716 1326 739 sua
1363 702 1506 738 virtute
1547 701 1596 737 ad
1636 702 2004 749 contemplationem
2045 703 2225 739 excitant.

322 790 474 825 Titulus
506 797 658 834 quoque
688 784 883 820 literarum
916 781 1053 816 duetus
1085 777 1242 814 exhibet
1274 788 1361 812 vere
1394 775 1620 820 orientales,
1659 787 1756 821 quos
1786 775 1920 811 Anton
1953 775 2000 810 de
2027 775 2225 820 Hannner,

324 860 560 898 Academiae
599 856 796 894 orientalis
826 852 1059 891 Viennensis
1100 852 1275 886 alumnus
1316 848 1484 896 optimae
1525 847 1606 896 spei
1646 847 1816 894 mihique
1855 860 2042 896 perquam
2081 856 2226 896 gratus,

325 943 361 970 ut
397 947 415 969 e
449 933 603 969 metallo
639 930 970 976 exsculperentur,
1014 924 1277 960 intercedente
1309 922 1478 969 Iosepho
1519 920 1566 956 de
1598 920 1788 956 Hammer
1826 920 2030 956 scribendo
2066 921 2226 968 praeivit

324 1019 491 1054 suaeque
516 1003 726 1041 industriae
752 1001 814 1037 hic
839 1005 1129 1036 monumentum
1157 1004 1308 1032 exstare
1334 994 1466 1030 voluit.

434 1080 495 1115 De
537 1083 644 1113 textu
688 1080 842 1122 recepto
887 1072 1044 1118 eiusque
1088 1070 1217 1106 indole
1262 1069 1321 1103 hic
1361 1079 1555 1116 perpauca
1591 1072 1737 1101 tantum
1778 1072 1889 1102 erunt
1928 1067 2227 1114 praemonenda.

326 1153 606 1200 prolegomena
632 1148 729 1184 enim
759 1145 962 1194 separatim
992 1143 1143 1178 edenda
1168 1155 1190 1177 a
1215 1140 1448 1177 Tauehnitio
1475 1139 1755 1187 imprimentur,
1782 1137 1821 1174 in
1847 1138 1986 1185 quibus
2011 1139 2110 1175 ratio
2137 1139 2227 1174 mihi

325 1224 523 1261 reddenda
553 1223 623 1258 erit
656 1221 845 1257 variarum
878 1218 1086 1253 lectionum
1113 1215 1461 1261 recensionunique
1489 1212 1752 1249 omnnium-um
1782 1218 1819 1247 ct
1845 1210 2028 1248 historica
2049 1212 2230 1260 praemit-

326 1297 441 1334 tenda
465 1294 718 1339 introductio,
752 1304 849 1339 quae
875 1289 1057 1327 studiosis
1083 1290 1216 1324 harum
1245 1300 1369 1323 rerum
1399 1286 1498 1322 viam
1527 1284 1635 1332 quasi
1663 1284 1711 1320 ad
1739 1282 1933 1321 Coranum
1960 1285 2166 1332 legendum
2195 1293 2229 1320 et

326 1369 612 1406 diiudicandum
639 1366 795 1402 muniat.
856 1364 909 1401 Ut
935 1364 982 1399 ad
1009 1374 1131 1410 pauca
1153 1361 1320 1405 redeam,
1348 1360 1386 1395 id
1413 1371 1472 1395 ine
1499 1358 1622 1407 egisse
1649 1358 1707 1393 Te
1734 1357 1922 1393 monitum
1949 1358 2058 1404 volo,
2089 1358 2232 1394 Lector

326 1443 530 1487 benevole,
563 1447 605 1476 ut
635 1446 780 1475 textum
816 1437 943 1473 darem
977 1448 1045 1483 per
1076 1436 1238 1470 lectores
1271 1431 1413 1469 Corani
1445 1430 1700 1480 peritissimos
1733 1431 1998 1476 emendatum,
2043 1432 2090 1466 ab
2117 1430 2231 1466 inter-

326 1516 495 1564 pretibus
527 1512 718 1561 indigenis
755 1511 956 1559 probatum
991 1516 1025 1544 et
1057 1507 1111 1543 ita
1141 1507 1179 1542 in
1209 1518 1319 1542 usum
1352 1506 1570 1553 vulgarem,
1609 1503 1850 1551 potissimum
1885 1503 1988 1551 apud
2014 1504 2164 1540 Turcas
2196 1510 2231 1540 et

324 1590 476 1626 Arabes
506 1587 706 1623 Hanetitas
738 1583 1010 1619 introductum.
1071 1580 1166 1616 Inde
1200 1579 1272 1614 iam
1312 1586 1437 1628 patet,
1477 1585 1624 1614 textum
1665 1584 1702 1613 et
1740 1576 2160 1613 Hinckelmannianum
2196 1584 2231 1612 et

326 1660 608 1698 Maraceianum
642 1658 679 1694 in
711 1655 883 1705 plurimis
913 1654 1009 1691 locis
1040 1652 1334 1700 relinquendum
1372 1663 1592 1698 novamque
1633 1650 1733 1687 viam
1772 1650 2064 1699 ingrediendam
2103 1649 2231 1686 fuisse.

327 1735 453 1782 Vulgo
497 1733 649 1780 quidem
694 1738 820 1766 textus
863 1741 885 1764 a
919 1726 1114 1764 Maraccio
1159 1725 1271 1761 datus
1311 1723 1690 1760 Hinekehnanniano
1727 1723 1961 1772 praefertur,
2005 1735 2066 1759 me
2104 1729 2230 1758 tamen

327 1806 480 1842 minime
506 1805 610 1840 illum
645 1817 691 1838 ex
723 1801 890 1838 idoneis.
927 1806 971 1836 ut
994 1799 1087 1834 mihi
1115 1798 1283 1843 videtur,
1322 1797 1467 1833 caussis
1495 1796 1789 1845 praeferendum
1818 1796 1974 1833 duxisse
1999 1796 2120 1832 libere
2146 1809 2230 1843 pro-

326 1883 446 1916 titeor.
504 1877 720 1914 Mai-accius
763 1875 842 1911 fere
883 1885 1077 1920 nunquam
1122 1871 1161 1907 in
1206 1870 1437 1907 lectionibus
1478 1870 1644 1918 receptis
1686 1870 1759 1906 sibi
1801 1870 1994 1919 constitit,
2043 1869 2233 1917 permulta

327 1952 472 1997 omisit,
510 1949 726 1986 sexcenties
757 1948 876 1983 verba
906 1958 1104 1994 perperam
1138 1943 1327 1992 expressit
1353 1951 1387 1979 et
1416 1943 1572 1978 omnino
1600 1943 1653 1979 ita
1678 1949 1853 1979 versatus
1880 1949 1955 1988 est,
1998 1949 2040 1978 ut
2066 1942 2232 1977 versioni

328 2026 408 2061 eius
443 2023 585 2060 latinae
628 2019 1028 2069 explieationibusque
1072 2017 1231 2053 adiectis
1268 2016 1391 2052 maius
1424 2015 1589 2064 pretium
1627 2015 1873 2052 statuendum
1912 2015 2006 2051 mihi
2043 2015 2232 2059 videatur,

327 2110 440 2145 quain
478 2096 604 2132 verbis
639 2101 767 2131 textus
798 2092 979 2137 arabicis,
1026 2090 1064 2126 id
1102 2090 1205 2138 quod
1240 2089 1277 2125 in
1308 2089 1603 2137 Prolegomenis
1642 2089 1830 2137 exemplis
1873 2088 2083 2137 propositis
2120 2088 2234 2124 latius

329 2172 491 2218 probare
524 2168 699 2204 studebo.
758 2166 843 2202 Nec
875 2177 966 2201 vero
999 2162 1117 2199 editio
1148 2161 1448 2198 Hinekelmauni
1481 2175 1526 2198 ea
1553 2168 1626 2208 est,
1666 2174 1765 2209 quae
1791 2161 1969 2198 omnibus
1995 2161 2099 2197 vitiis
2124 2167 2232 2209 typo-

327 2242 519 2291 graphicis
546 2248 581 2277 et
608 2240 748 2277 criticis
774 2244 913 2275 careat.
974 2236 1175 2272 Titubavit
1201 2243 1236 2270 et
1263 2235 1344 2283 ipse
1370 2235 1408 2270 in
1435 2235 1498 2272 via
1522 2235 1635 2271 valde
1661 2235 1819 2271 lubrica.
1868 2235 1994 2270 Multa
2020 2234 2100 2270 eius
2128 2234 2234 2282 operi

327 2317 456 2352 insunt
486 2315 547 2350 vel
578 2313 743 2349 maxime
776 2310 1046 2359 improbanda,
1087 2308 1224 2356 quibus
1257 2307 1481 2355 adstipulari
1512 2320 1676 2355 nequeo.
1736 2308 1791 2343 At
1822 2320 1898 2343 non
1927 2307 2060 2342 eadem
2089 2307 2234 2342 incuria

327 2395 366 2425 et
400 2386 658 2424 inconstantia
693 2386 863 2429 laborat,
908 2395 1006 2430 quae
1036 2381 1231 2418 Mai-aecio
1263 2380 1357 2417 vitio
1391 2381 1471 2416 dari
1503 2387 1648 2428 potest,
1690 2388 1727 2417 ct
1758 2381 2025 2417 recensionem
2063 2380 2236 2428 sequitur

328 2461 430 2498 haud
456 2460 611 2496 omnino
639 2456 972 2494 contemnendam.
1031 2456 1168 2492 Restat
1192 2454 1488 2502 Petropolitana
1518 2454 1637 2490 editio
1666 2452 1900 2491 Catharinae
1932 2453 2037 2489 iussu
2071 2459 2108 2489 et
2133 2465 2233 2488 sum-

328 2534 428 2571 tibus
459 2533 497 2569 in
528 2545 637 2568 usum
668 2529 1081 2567 Muhammedanorum
1108 2527 1273 2563 Russiae
1304 2526 1465 2574 imperio
1498 2526 1735 2563 adieetorum
1774 2527 1979 2575 impressa,
2018 2538 2116 2574 quae
2153 2525 2234 2561 sin(-

330 2607 446 2642 dubio
483 2605 658 2653 proxime
695 2603 844 2639 aceedit
881 2602 929 2637 ad
966 2608 1110 2637 textum
1150 2600 1265 2636 hodic
1301 2600 1339 2635 in
1372 2598 1533 2637 Oriente
1570 2608 1766 2648 receptum
1803 2607 1840 2637 et
1877 2601 1924 2636 ab
1962 2599 2234 2648 interpretibus

329 2679 468 2715 criticis
500 2678 622 2725 iisque
653 2675 889 2723 gravissimis
921 2674 1138 2717 defensuni;
1178 2674 1287 2720 plura
1311 2679 1441 2709 tamen
1467 2673 1638 2709 eontinet
1664 2674 1786 2722 magis
1813 2672 2093 2709 consuetudine
2121 2684 2232 2719 quani

329 2751 541 2788 rationibus
567 2750 679 2785 certis
705 2749 807 2793 nixa,
835 2760 933 2795 quae
954 2747 991 2782 in
1017 2746 1109 2794 ipsis
1134 2746 1240 2782 libris
1267 2759 1381 2782 manu
1408 2746 1559 2794 seriptis
1583 2747 1701 2783 obvia
1724 2747 1816 2783 viris
1843 2746 1968 2783 doctis
1990 2746 2054 2782 vix
2081 2745 2237 2793 probari

330 2832 366 2860 et
392 2825 438 2860 al·
466 2823 569 2858 omni
594 2821 853 2870 negligentiae
876 2827 968 2856 nota
992 2819 1178 2855 vindicari
1207 2819 1362 2867 possint.
1414 2817 1593 2855 Ceterum
1622 2833 1670 2856 an
1697 2820 1917 2867 exemplum
1945 2820 1992 2855 ab
2022 2818 2235 2854 Obeiclallalt

330 2897 557 2933 illolzammed
586 2896 762 2932 Raelu'mn
794 2894 965 2941 chnzcsuf,
999 2891 1167 2929 Consule
1206 2891 1347 2928 Casani
1385 2893 1550 2939 Tataro‚
1585 2893 1736 2942 magnis
1773 2892 1979 2937 sumtibus,
2018 2897 2060 2927 ut
2095 2890 2236 2936 ferunt,

329 2976 598 3018 praeparatum
625 2974 661 3004 et
687 2967 830 3003 dudum
857 2967 964 3015 prela
989 2978 1172 3002 exercens
1199 2965 1272 3000 iam
1300 2966 1337 3001 in
1363 2966 1559 3013 publicum
1586 2965 1790 3014 prodierit,
1818 2977 1888 3001 nec
1913 2977 1983 3013 per
2007 2964 2138 3000 literas
2164 2965 2237 2999 hoc

330 3042 490 3079 consilio
515 3041 741 3089 Petropolin
774 3039 934 3087 scriptas
964 3050 1035 3074 nee
1066 3051 1134 3086 per
1167 3038 1339 3086 hospites
1373 3052 1421 3075 ex
1446 3039 1521 3075 illis
1549 3038 1661 3075 terris
1688 3039 1763 3075 huc
1791 3037 2082 3086 peregrinantes
2105 3037 2237 3084 explo-

329 3128 413 3152 rare
440 3115 557 3163 potui.
607 3114 754 3160 Quodsi
783 3115 876 3148 haee
901 3112 954 3148 ita
978 3124 1018 3148 se
1045 3113 1199 3157 habent,
1228 3112 1308 3148 iure
1331 3112 1464 3160 quaeri
1490 3118 1631 3160 potest,
1663 3124 1762 3159 quae
1789 3111 2013 3147 adiumenta
2038 3109 2236 3146 doetrinae

331 3194 369 3224 et
405 3188 656 3223 instrumenta
693 3186 825 3223 critica
862 3184 953 3221 mihi
992 3185 1039 3221 ad
1070 3198 1224 3220 manuni
1258 3186 1400 3222 fuerint
1430 3185 1468 3221 in
1502 3187 1572 3221 hac
1609 3198 1712 3221 nova
1747 3183 1889 3221 Corani
1922 3183 2092 3220 editione
2125 3182 2236 3218 ador—
